@article{baker2013,
  title={Forecasting exact scores in National Football League games},
  author={Baker, Rose D and McHale, Ian G},
  journal={International Journal of Forecasting},
  volume={29},
  number={1},
  pages={122--130},
  year={2013},
  publisher={Elsevier}
}

@article{koopman2015,
  title={A dynamic bivariate Poisson model for analysing and forecasting match results in the English Premier League},
  author={Koopman, Siem Jan and Lit, Rutger},
  journal={Journal of the Royal Statistical Society: Series A (Statistics in Society)},
  volume={178},
  number={1},
  pages={167--186},
  year={2015},
  publisher={Wiley Online Library}
}

@book{box1987,
  title={Empirical model-building and response surfaces},
  author={Box, George EP and Draper, Norman Richard},
  volume={424},
  year={1987},
  publisher={Wiley New York}
}

@article{neal2011,
  title={{MCMC} using {Hamiltonian} dynamics},
  author={Neal, Radford M},
  journal={Handbook of Markov Chain Monte Carlo},
  volume={2},
  year={2011}
}

@misc{stan,
  author = {{Stan Development Team}},
  year = {2015},
  title = {Stan: A {C}\texttt{++} Library for Probability and Sampling, Version 2.7.0},
  url = {http://mc-stan.org/}
}

@article{cleveland1979,
  title={Robust locally weighted regression and smoothing scatterplots},
  author={Cleveland, William S},
  journal={Journal of the American statistical association},
  volume={74},
  number={368},
  pages={829--836},
  year={1979},
  publisher={Taylor \& Francis Group}
}

@article{kelly1956,
  title={A new interpretation of information rate},
  author={Kelly Jr, John L},
  journal={Information Theory, IRE Transactions on},
  volume={2},
  number={3},
  pages={185--189},
  year={1956},
  publisher={IEEE}
}

@article{whitrow2007,
  title={Algorithms for optimal allocation of bets on many simultaneous events},
  author={Whitrow, Chris},
  journal={Journal of the Royal Statistical Society: Series C (Applied Statistics)},
  volume={56},
  number={5},
  pages={607--623},
  year={2007},
  publisher={Wiley Online Library}
}

@misc{neal1993,
  title={Probabilistic inference using {Markov} chain {Monte} {Carlo} methods},
  author={Neal, Radford M},
  year={1993},
  publisher={Department of Computer Science, University of Toronto Toronto, CA}
}

@article{gelman2013,
  title={Two simple examples for understanding posterior p-values whose distributions are far from uniform},
  author={Gelman, Andrew},
  journal={Electronic Journal of Statistics},
  volume={7},
  pages={2595--2602},
  year={2013},
  publisher={Institute of Mathematical Statistics}
}

@article{meng1994,
  title={Posterior predictive p-values},
  author={Meng, {Xiao-Li}},
  journal={The Annals of Statistics},
  pages={1142--1160},
  year={1994},
  publisher={JSTOR}
}

@book{moneyball,
  title={Moneyball: {The} art of winning an unfair game},
  author={Lewis, Michael},
  year={2004},
  publisher={WW Norton \& Company}
}

@article{pvalueban,
  author = {Trafimow, David and Marks, Michael},
  title = {Editorial},
  journal = {Basic and Applied Social Psychology},
  volume = {37},
  number = {1},
  pages = {1--2},
  year = {2015},
  doi = {10.1080/01973533.2015.1012991},
  URL = {http://dx.doi.org/10.1080/01973533.2015.1012991},
}

@article{doucet2000,
  title={On sequential {Monte} {Carlo} sampling methods for {Bayesian} filtering},
  author={Doucet, Arnaud and Godsill, Simon and Andrieu, Christophe},
  journal={Statistics and computing},
  volume={10},
  number={3},
  pages={197--208},
  year={2000},
  publisher={Springer}
}

@article{maceachern1994,
  title={Subsampling the {Gibbs} sampler},
  author={MacEachern, Steven N and Berliner, L Mark},
  journal={The American Statistician},
  volume={48},
  number={3},
  pages={188--190},
  year={1994},
  publisher={Taylor \& Francis}
}

@article{aitkin1991,
  title={Posterior {Bayes} factors},
  author={Aitkin, Murray},
  journal={Journal of the Royal Statistical Society: Series B (Methodological)},
  pages={111--142},
  year={1991},
  publisher={JSTOR}
}

@article{draper1995,
  title={Assessment and propagation of model uncertainty},
  author={Draper, David},
  journal={Journal of the Royal Statistical Society: Series B (Methodological)},
  pages={45--97},
  year={1995},
  publisher={JSTOR}
}

@article{gelman1996,
  title={Efficient {Metropolis} jumping rules},
  author={Gelman, Andrew and Roberts, G and Gilks, W},
  journal={Bayesian statistics},
  volume={5},
  number={599-608},
  pages={42},
  year={1996}
}

@article{kass1998,
  title={Markov chain {Monte} {Carlo} in practice: A roundtable discussion},
  author={Kass, Robert E and Carlin, Bradley P and Gelman, Andrew and Neal, Radford M},
  journal={The American Statistician},
  volume={52},
  number={2},
  pages={93--100},
  year={1998},
  publisher={Taylor \& Francis Group}
}

@article{berger2009,
  title={The formal definition of reference priors},
  author={Berger, James O and Bernardo, Jos{\'e} M and Sun, Dongchu},
  journal={The Annals of Statistics},
  pages={905--938},
  year={2009},
  publisher={JSTOR}
}

@article{casella1987,
  title={Reconciling {Bayesian} and {Frequentist} evidence in the one-sided testing problem},
  author={Casella, George and Berger, Roger L},
  journal={Journal of the American Statistical Association},
  volume={82},
  number={397},
  pages={106--111},
  year={1987},
  publisher={Taylor \& Francis Group}
}

@article{kullback1951,
  title={On information and sufficiency},
  author={Kullback, Solomon and Leibler, Richard A},
  journal={The annals of mathematical statistics},
  pages = {79--86},
  year={1951},
  publisher={JSTOR}
}

@article{berger1992,
  title={On the development of reference priors},
  author={Berger, James O and Bernardo, Jos{\'e} M},
  journal={Bayesian statistics},
  volume={4},
  number={4},
  pages={35--60},
  year={1992}
}

@article{bernardo1979,
  title={Reference posterior distributions for {Bayesian} inference},
  author={Bernardo, Jose M},
  journal={Journal of the Royal Statistical Society: Series B (Methodological)},
  pages={113--147},
  year={1979},
  publisher={JSTOR}
}

@article{bernardo2005,
  title={Reference analysis},
  author={Bernardo, Jos{\'e} M},
  journal={Handbook of statistics},
  volume={25},
  pages={17--90},
  year={2005},
  publisher={Elsevier}
}

@article{bayes1763,
  title={An Essay towards solving a Problem in the Doctrine of Chances. {By} the late {Rev}. {Mr}. {Bayes}, 
  {FRS} communicated by {Mr}. {Price}, in a letter to {John} {Canton}, {AMFRS}},
  author={Mr. Bayes and Price, Mr},
  journal={Philosophical Transactions (1683-1775)},
  pages={370--418},
  year={1763},
  publisher={JSTOR}
}

@techreport{goddard2003,
  title={Modelling football match results and the efficiency of fixed-odds betting},
  author={Goddard, John and Asimakopoulos, Ioannis},
  year={2003},
  institution={Working Paper, Department of Economics, Swansea University}
}

@article{scarf2008,
  title={The importance of a match in a tournament},
  author={Scarf, Philip A and Shi, Xin},
  journal={Computers \& Operations Research},
  volume={35},
  number={7},
  pages={2406--2418},
  year={2008},
  publisher={Elsevier}
}

@article{volf2009,
  title={A random point process model for the score in sport matches},
  author={Volf, Petr},
  journal={IMA Journal of Management Mathematics},
  volume={20},
  number={2},
  pages={121--131},
  year={2009},
  publisher={IMA}
}

@book{nelsen2007,
  title={An introduction to copulas},
  author={Nelsen, Roger B},
  year={2007},
  publisher={Springer Science \& Business Media}
}

@article{mchale2011,
  title={Modelling the dependence of goals scored by opposing teams in international soccer matches},
  author={McHale, Ian and Scarf, Phil},
  journal={Statistical Modelling},
  volume={11},
  number={3},
  pages={219--236},
  year={2011},
  publisher={SAGE Publications}
}

@article{openmp,
    Title = {{OpenMP}: An industry standard {API} for shared-memory programming},
    Author = {Dagum, Leonardo and Menon, Ramesh},
    Journal = {Computational Science \& Engineering, IEEE},
    Number = {1},
    Pages = {46--55},
    Publisher = {IEEE},
    Volume = {5},
    Year = {1998}
}

@article{mpi,
  title={A high-performance, portable implementation of the {MPI} message passing interface standard},
  author={Gropp, William and Lusk, Ewing and Doss, Nathan and Skjellum, Anthony},
  journal={Parallel computing},
  volume={22},
  number={6},
  pages={789--828},
  year={1996},
  publisher={Elsevier}
}

@article{cappe2007,
  title={An overview of existing methods and recent advances in sequential {Monte} {Carlo}},
  author={Capp{\'e}, Olivier and Godsill, Simon J and Moulines, Eric},
  journal={Proceedings of the IEEE},
  volume={95},
  number={5},
  pages={899--924},
  year={2007},
  publisher={IEEE}
}

@article{roberts1994,
  title={On the geometric convergence of the {Gibbs} sampler},
  author={Roberts, Gareth O and Polson, Nicholas G},
  journal={Journal of the Royal Statistical Society: Series B (Methodological)},
  pages={377--384},
  year={1994},
  publisher={JSTOR}
}

@article{roberts1996Geometric,
  title={Geometric convergence and central limit theorems for multidimensional {Hastings} and {Metropolis} algorithms},
  author={Roberts, Gareth O and Tweedie, Richard L},
  journal={Biometrika},
  volume={83},
  number={1},
  pages={95--110},
  year={1996},
  publisher={Biometrika Trust}
}

@article{roberts1996Book,
  title={Markov chain concepts related to sampling algorithms},
  author={Roberts, Gareth O},
  journal={Markov chain Monte Carlo in practice},
  volume={57},
  year={1996}
}

@article{bedard2008,
  title={Optimal acceptance rates for {Metropolis} algorithms: Moving beyond 0.234},
  author={Bedard, Mylene},
  journal={Stochastic Processes and their Applications},
  volume={118},
  number={12},
  pages={2198--2222},
  year={2008},
  publisher={Elsevier}
}

@article{roberts1997,
  title={Weak convergence and optimal scaling of random walk {Metropolis} algorithms},
  author={Roberts, Gareth O and Gelman, Andrew and Gilks, Walter R and others},
  journal={The annals of applied probability},
  volume={7},
  number={1},
  pages={110--120},
  year={1997},
  publisher={Institute of Mathematical Statistics}
}

@article{gibson1998,
  title={Estimating parameters in stochastic compartmental models using {Markov} chain methods},
  author={Gibson, Gavin J and Renshaw, Eric},
  journal={Mathematical Medicine and Biology},
  volume={15},
  number={1},
  pages={19--40},
  year={1998},
  publisher={IMA}
}

@article{streftaris2004,
  title={Bayesian inference for stochastic epidemics in closed populations},
  author={Streftaris, George and Gibson, Gavin J},
  journal={Statistical Modelling},
  volume={4},
  number={1},
  pages={63--75},
  year={2004},
  publisher={SAGE Publications}
}

@article{ioannidis2005,
  title={Why most published research findings are false},
  author={Ioannidis, John PA},
  journal={Chance},
  volume={18},
  number={4},
  pages={40--47},
  year={2005},
  publisher={Taylor \& Francis}
}

@article{colquhoun2014,
  title={An investigation of the false discovery rate and the misinterpretation of p-values},
  author={Colquhoun, David},
  journal={Royal Society Open Science},
  volume={1},
  number={3},
  year={2014},
  publisher={The Royal Society}
}

@article{hitchcock2003,
  title={A history of the {Metropolis}-{Hastings} algorithm},
  author={Hitchcock, David B},
  journal={The American Statistician},
  volume={57},
  number={4},
  year={2003}
}

@article{spanos2013,
  title={Who should be afraid of the {Jeffreys}-{Lindley} paradox?},
  author={Spanos, Aris},
  journal={Philosophy of Science},
  volume={80},
  number={1},
  pages={73--93},
  year={2013},
  publisher={JSTOR}
}

@article{robert2014,
  title={On the {Jeffreys}-{Lindley} Paradox},
  author={Robert, Christian P},
  journal={Philosophy of Science},
  volume={81},
  number={2},
  pages={216--232},
  year={2014},
  publisher={JSTOR}
}

@article{chopin2002,
  title={A sequential particle filter method for static models},
  author={Chopin, Nicolas},
  journal={Biometrika},
  volume={89},
  number={3},
  pages={539--552},
  year={2002},
  publisher={Biometrika Trust}
}

@article{neal2001,
  title={Annealed importance sampling},
  author={Neal, Radford M},
  journal={Statistics and Computing},
  volume={11},
  number={2},
  pages={125--139},
  year={2001},
  publisher={Springer}
}

@article{del2006,
  title={Sequential {Monte} {Carlo} samplers},
  author={Del Moral, Pierre and Doucet, Arnaud and Jasra, Ajay},
  journal={Journal of the Royal Statistical Society: Series B (Statistical Methodology)},
  volume={68},
  number={3},
  pages={411--436},
  year={2006},
  publisher={Wiley Online Library}
}

@book{hastie2009,
  title={The elements of statistical learning},
  author={Hastie, Trevor and Tibshirani, Robert and Friedman, Jerome and Hastie, T and Friedman, J and Tibshirani, R},
  edition={Second},
  year={2009},
  publisher={Springer}
}

@article{tibshirani1996,
  title={Regression shrinkage and selection via the lasso},
  author={Tibshirani, Robert},
  journal={Journal of the Royal Statistical Society: Series B (Methodological)},
  pages={267--288},
  year={1996},
  publisher={JSTOR}
}

@book{hosmer2013,
  title={Applied logistic regression},
  author={Hosmer Jr, David W and Lemeshow, Stanley and Sturdivant, Rodney X},
  volume={398},
  year={2013},
  publisher={John Wiley \& Sons}
}

@article{lewis1979,
  title={Simulation of nonhomogeneous {Poisson} processes by thinning},
  author={Lewis, Peter A and Shedler, Gerald S},
  journal={Naval Research Logistics Quarterly},
  volume={26},
  number={3},
  pages={403--413},
  year={1979},
  publisher={Wiley Online Library}
}

@book{cinlar2013,
  title={Introduction to stochastic processes},
  author={Cinlar, Erhan},
  year={2013},
  publisher={Courier Dover Publications}
}

@article{cox1966,
  title={The statistical analysis of series of events},
  author={Cox, David Roxbee and Lewis, Peter AW},
  journal={Monographs on Applied Probability and Statistics, London: Chapman and Hall},
  volume={1},
  year={1966}
}

@article{constantinou2012,
  title={pi-football: A {Bayesian} network model for forecasting Association Football match outcomes},
  author={Constantinou, Anthony C and Fenton, Norman E and Neil, Martin},
  journal={Knowledge-Based Systems},
  volume={36},
  pages={322--339},
  year={2012},
  publisher={Elsevier}
}

@misc{radford2008,
   author = {Radford Neal},
   title = {The Harmonic Mean of the Likelihood: Worst {Monte} {Carlo} Method Ever},
   year = {2008},
   url = {www.radfordneal.wordpress.com/2008/08/17/the-harmonic-mean-of-the-likelihood-worst-monte-carlo-method-ever},
   note = {[Online; accessed 2-April-2015]}
}

@misc{championsLeagueMoney,
   author = {UEFA},
   title = {Payments to 2012/13 {Champions} {League} clubs},
   year = {2013},
   url = {www.uefa.com/MultimediaFiles/Download/uefaorg/Finance/01/97/52/97/1975297\_DOWNLOAD.pdf},
   note = {[Online; accessed 26-August-2015]}
}

@misc{europaLeagueMoney,
   author = {UEFA},
   title = {Payments to 2012/13 {Europa} {League} clubs},
   year = {2013},
   url = {www.uefa.com/MultimediaFiles/Download/uefaorg/Finance/01/97/53/15/1975315\_DOWNLOAD.pdf},
   note = {[Online; accessed 26-August-2015]}
}

@misc{squeakyBumTime,
   author = {Alex Ferguson},
   title = {{Sir} {Alex} {Ferguson's} best quotes},
   year = {2003},
   url = {www.theguardian.com/football/2013/may/08/sir-alex-ferguson-best-quotes},
   note = {[Online; accessed 26-August-2015]}
} 

@misc{raceToAvoidEurope,
   author = {Lewis Potton},
   title = {The Race to Avoid {Europa} {League} Qualification Starts Now},
   year = {2015},
   url = {www.90min.com/posts/2080889-the-race-to-avoid-europa-league-qualification-starts-now},
   note = {[Online; accessed 28-August-2015]}
} 

@misc{spursAvoidEurople,
   author = {David Hytner},
   title = {Tottenham's {Mauricio} {Pochettino}: avoiding {Europa} {League} could help us},
   year = {2015},
   url = {www.theguardian.com/football/2015/apr/23/tottenham-mauricio-pochettino-europa-league},
   note = {[Online; accessed 28-August-2015]}
} 

@misc{battleToAvoidEurople,
   author = {Greg Lea},
   title = {The battle to avoid the Europa League},
   year = {2015},
   url = {www.goal.com/en-gb/news/2915/europa-league/2015/04/24/11060642/the-battle-to-avoid-the-europa-league},
   note = {[Online; accessed 28-August-2015]}
} 

@misc{Senn2015,
   author = {Stephen Senn},
   title = {The pathetic P-value},
   year = {2015},
   url = {www.errorstatistics.com/2015/03/16/stephen-senn-the-pathetic-p-value-guest-post},
   note = {[Online; accessed 10-July-2015]}
}

@misc{bettingShops,
   author = {Vanessa Barford and Sam Judah},
   title = {The street with 18 betting shops},
   year = {2013},
   url = {www.bbc.co.uk/news/magazine-22934305},
   note = {[Online; accessed 8-September-2015]}
}

@article{chib2001,
  title={Marginal likelihood from the {Metropolis}-{Hastings} output},
  author={Chib, Siddhartha and Jeliazkov, Ivan},
  journal={Journal of the American Statistical Association},
  volume={96},
  number={453},
  pages={270--281},
  year={2001},
  publisher={Taylor \& Francis}
}

@article{einicke2012,
  title={Smoothing, filtering and prediction: Estimating the past, present and future},
  author={Einicke, Garry A},
  journal={New York: InTech},
  year={2012}
}

@inproceedings{julier1997,
  title={New extension of the {Kalman} filter to nonlinear systems},
  author={Julier, Simon J and Uhlmann, Jeffrey K},
  booktitle={AeroSense'97},
  pages={182--193},
  year={1997},
  organization={International Society for Optics and Photonics}
}

@article{kalman1960,
  title={A new approach to linear filtering and prediction problems},
  author={Kalman, Rudolph Emil},
  journal={Journal of Fluids Engineering},
  volume={82},
  number={1},
  pages={35--45},
  year={1960},
  publisher={American Society of Mechanical Engineers}
}

@article{nummiaro2003,
  title={An adaptive color-based particle filter},
  author={Nummiaro, Katja and Koller-Meier, Esther and Van Gool, Luc},
  journal={Image and vision computing},
  volume={21},
  number={1},
  pages={99--110},
  year={2003},
  publisher={Elsevier}
}

@article{gustafsson2002,
  title={Particle filters for positioning, navigation, and tracking},
  author={Gustafsson, Fredrik and Gunnarsson, Fredrik and Bergman, Niclas and Forssell, Urban and Jansson, Jonas and Karlsson, Rickard and Nordlund, P-J},
  journal={Signal Processing, IEEE Transactions on},
  volume={50},
  number={2},
  pages={425--437},
  year={2002},
  publisher={IEEE}
}

@inproceedings{montemerlo2002,
  title={Conditional particle filters for simultaneous mobile robot localization and people-tracking},
  author={Montemerlo, D and Thrun, Sebastian and Whittaker, William},
  booktitle={Robotics and Automation, 2002. Proceedings. ICRA'02. IEEE International Conference on},
  volume={1},
  pages={695--701},
  year={2002},
  organization={IEEE}
}

@inproceedings{schulz2001,
  title={Tracking multiple moving targets with a mobile robot using particle filters and statistical data association},
  author={Schulz, Dirk and Burgard, Wolfram and Fox, Dieter and Cremers, Armin B},
  booktitle={Robotics and Automation, 2001. Proceedings 2001 ICRA. IEEE International Conference on},
  volume={2},
  pages={1665--1670},
  year={2001},
  organization={IEEE}
}

@article{rekleitis2004,
  title={A particle filter tutorial for mobile robot localization},
  author={Rekleitis, Ioannis M},
  journal={Centre for Intelligent Machines, McGill University, Tech. Rep. TR-CIM-04-02},
  year={2004}
}

@article{burnham2004,
  title={Multimodel inference understanding {AIC} and {BIC} in model selection},
  author={Burnham, Kenneth P and Anderson, David R},
  journal={Sociological methods \& research},
  volume={33},
  number={2},
  pages={261--304},
  year={2004},
  publisher={Sage Publications}
}

@book{geweke1991,
  title={Evaluating the accuracy of sampling-based approaches to the calculation of posterior moments},
  author={Geweke, John and others},
  volume={196},
  year={1991},
  publisher={Federal Reserve Bank of Minneapolis, Research Department}
}

@article{brooks1998,
  title={General methods for monitoring convergence of iterative simulations},
  author={Brooks, Stephen P and Gelman, Andrew},
  journal={Journal of computational and graphical statistics},
  volume={7},
  number={4},
  pages={434--455},
  year={1998},
  publisher={Taylor \& Francis}
}

@article{gelman1992,
  title={Inference from iterative simulation using multiple sequences},
  author={Gelman, Andrew and Rubin, Donald B},
  journal={Statistical science},
  pages={457--472},
  year={1992},
  publisher={JSTOR}
}

@article{geyer2011,
  title={Introduction to {Markov} Chain {Monte} {Carlo}},
  author={Geyer, Charles},
  journal={Handbook of Markov Chain Monte Carlo},
  pages={3--48},
  year={2011}
}

@misc{wikiExample,
   author = {Wikipedia},
   title = {Lindley's paradox - {Wikipedia}, The Free Encyclopedia},
   year = {2014},
   url = {http://en.wikipedia.org/wiki/Lindley\%27s\_paradox},
   note = {[Online; accessed 11-December-2014]}
}

@misc{EPLmoney,
   author = {EPL},
   title = {Premier League announces 2011/12 broadcast payments},
   year = {2012},
   url = {www.premierleague.com/en-gb/news/news/2011-12/may/broadcast-payments-to-premier-league-clubs},
   note = {[Online; accessed 12-January-2015]}
}
 
@article{evans1995,
  title={Methods for approximating integrals in statistics with special emphasis on {Bayesian} integration problems},
  author={Evans, Michael and Swartz, Tim},
  journal={Statistical Science},
  pages={254--272},
  year={1995},
  publisher={JSTOR}
}

@article{lindley1957,
  title={A Statistical Paradox},
  author={Lindley, Dennis V},
  journal={Biometrika},
  pages={187--192},
  year={1957},
  publisher={JSTOR}
}

@book{jeffreys1939,
  title={Theory of Probability},
  author={Jeffreys, Harold},
  year={1939},
  publisher={Oxford University Press}
}

@inproceedings{jeffreys1946,
  title={An invariant form for the prior probability in estimation problems},
  author={Jeffreys, Harold},
  booktitle={Proceedings of the Royal Society of London A: Mathematical, Physical and Engineering Sciences},
  volume={186},
  issue={1007},
  pages={453--461},
  year={1946},
  organization={The Royal Society}
}

@article{kass1995,
  title={Bayes factors},
  author={Kass, Robert E and Raftery, Adrian E},
  journal={Journal of the American Statistical Association},
  volume={90},
  number={430},
  pages={773--795},
  year={1995},
  publisher={Taylor \& Francis Group}
}

@article{madigan1994,
  title={Model selection and accounting for model uncertainty in graphical models using {Occam's} window},
  author={Madigan, David and Raftery, Adrian E},
  journal={Journal of the American Statistical Association},
  volume={89},
  number={428},
  pages={1535--1546},
  year={1994},
  publisher={Taylor \& Francis}
}

@article{hoeting1999,
  title={Bayesian Model Averaging: A Tutorial},
  author={Hoeting, Jennifer A and Madigan, David and Raftery, Adrian E and Volinsky, Chris T},
  journal={Statistical science},
  pages={382--401},
  year={1999},
  publisher={JSTOR}
}

@article{vehtari2015,
  title={Efficient implementation of leave-one-out cross-validation and {WAIC} for evaluating fitted {Bayesian} models},
  author={Vehtari, Aki and Gelman, Andrew and Gabry, Jonah},
  journal={arXiv preprint arXiv:1507.04544},
  year={2015}
}

@incollection{liu2001,
  title={Combined parameter and state estimation in simulation-based filtering},
  author={Liu, Jane and West, Mike},
  booktitle={Sequential Monte Carlo methods in practice},
  pages={197--223},
  year={2001},
  publisher={Springer}
}

@article{WinBUGS,
 title = {{WinBUGS} -- A {Bayesian} Modelling Framework: concepts, structure, and extensibility},
 author = {Lunn, David J. and Thomas, Andrew and Best, Nicky and Spiegelhalter, David},
 journal = {Statistics and Computing},
 issue_date = {October 2000},
 volume = {10},
 number = {4},
 month = oct,
 year = {2000},
 issn = {0960-3174},
 pages = {325--337},
 numpages = {13},
 url = {http://dx.doi.org/10.1023/A:1008929526011},
 doi = {10.1023/A:1008929526011},
 acmid = {599385},
 publisher = {Kluwer Academic Publishers},
 address = {Hingham, MA, USA},
 keywords = {BUGS, Markov chain Monte Carlo, WinBUGS, directed acyclic graphs, object-orientation, run-time linking, type extension},
} 

@Book{ggplot2,
  author = {Hadley Wickham},
  title = {ggplot2: elegant graphics for data analysis},
  publisher = {Springer New York},
  year = {2009},
  isbn = {978-0-387-98140-6},
  url = {http://had.co.nz/ggplot2/book},
}

@article{dellaportas2002,
  title={On {Bayesian} model and variable selection using {MCMC}},
  author={Dellaportas, Petros and Forster, Jonathan J and Ntzoufras, Ioannis},
  journal={Statistics and Computing},
  volume={12},
  number={1},
  pages={27--36},
  year={2002},
  publisher={Springer}
}

@article{hastie2012,
  title={Model choice using reversible jump {Markov} chain {Monte} {Carlo}},
  author={Hastie, David I and Green, Peter J},
  journal={Statistica Neerlandica},
  volume={66},
  number={3},
  pages={309--338},
  year={2012},
  publisher={Wiley Online Library}
}

@misc{punska1999,
  title={Bayesian segmentation of piecewise constant autoregressive processes using {MCMC} methods},
  author={Punska, O and Doucet, C Andrieu A and Fitzgerald, WJ and Andrieu, C and Doucet, A},
  year={1999},
  publisher={Citeseer}
}

@article{geman1984,
  title={Stochastic relaxation, {Gibbs} distributions, and the {Bayesian} restoration of images},
  author={Geman, Stuart and Geman, Donald},
  journal={Pattern Analysis and Machine Intelligence, IEEE Transactions on},
  number={6},
  volume={6},
  pages={721--741},
  year={1984},
  publisher={IEEE}
}

@article{link2012,
  title={On thinning of chains in {MCMC}},
  author={Link, William A and Eaton, Mitchell J},
  journal={Methods in Ecology and Evolution},
  volume={3},
  number={1},
  pages={112--115},
  year={2012},
  publisher={Wiley Online Library}
}


@article{tierney1998,
  title={A note on {Metropolis}-{Hastings} kernels for general state spaces},
  author={Tierney, Luke},
  journal={Annals of Applied Probability},
  pages={1--9},
  year={1998},
  publisher={JSTOR}
}

@article{tierney1996,
  title={Introduction to general state-space {Markov} chain theory},
  author={Tierney, Luke},
  journal={Markov chain Monte Carlo in practice},
  pages={59--74},
  year={1996},
  publisher={London: Chapman and Hall}
}

@article{tierney1994,
  title={Markov chains for exploring posterior distributions},
  author={Tierney, Luke},
  journal={the Annals of Statistics},
  pages={1701--1728},
  year={1994},
  publisher={JSTOR}
}

@article{green1995,
  title={Reversible jump {Markov} chain {Monte} {Carlo} computation and {Bayesian} model determination},
  author={Green, Peter J},
  journal={Biometrika},
  volume={82},
  number={4},
  pages={711--732},
  year={1995},
  publisher={Biometrika Trust}
}

@article{spiegelhalter2002,
  title={Bayesian measures of model complexity and fit},
  author={Spiegelhalter, David J and Best, Nicola G and Carlin, Bradley P and Van Der Linde, Angelika},
  journal={Journal of the Royal Statistical Society: Series B (Statistical Methodology)},
  volume={64},
  number={4},
  pages={583--639},
  year={2002},
  publisher={Wiley Online Library}
}

@Manual{nlopt2010,
  title={The {NLopt} nonlinear-optimization package},
  author={Johnson, Steven G},
  year={2010},
  url = {http://ab-initio.mit.edu/nlopt}
}

@PhdThesis{subplex1990,
    title = {Functional stability analysis of numerical algorithms},
    author={Rowan, Thomas Harvey},
    school = {Department of Computer Sciences},
    institution = {University of Texas at Austin},
    year = {1990}
}

@inproceedings{bubbleSort2003,
  title={Bubble sort: An archaeological algorithmic analysis},
  author={Astrachan, Owen},
  booktitle={ACM SIGCSE Bulletin},
  volume={35},
  number={1},
  pages={1--5},
  year={2003},
  organization={ACM}
}

@article{Sanjeev2002,
  title={A tutorial on particle filters for online nonlinear/non-{Gaussian} {Bayesian} tracking},
  author={Sanjeev Arulampalam, M and Maskell, Simon and Gordon, Neil and Clapp, Tim},
  journal={Signal Processing, IEEE Transactions on},
  volume={50},
  number={2},
  pages={174--188},
  year={2002},
  publisher={IEEE}
}

@book{SMC2001,
  title={Sequential {Monte} {Carlo} methods},
  author={Doucet, Arnaud},
  year={2001},
  publisher={Wiley Online Library}
}

@inproceedings{boers1999,
  title={On the number of samples to be drawn in particle filtering},
  author={Boers, Y},
  booktitle={Target Tracking: Algorithms and Applications (Ref. No. 1999/090, 1999/215), IEE Colloquium on},
  pages={5--1},
  year={1999},
  organization={IET}
}

@article{arma,
  title={Armadillo: An open source C\texttt{++} linear algebra library for fast prototyping and computationally intensive experiments},
  author={Sanderson, Conrad and others},
  journal={Report Version},
  volume={2},
  year={2010}
}

@article{escobar1995bayesian,
  title={Bayesian density estimation and inference using mixtures},
  author={Escobar, Michael D and West, Mike},
  journal={Journal of the american statistical association},
  volume={90},
  number={430},
  pages={577--588},
  year={1995},
  publisher={Taylor \& Francis}
}

@article{West1993A,
  title={Approximating posterior distributions by mixture},
  author={West, Mike},
  journal={Journal of the Royal Statistical Society: Series B (Methodological)},
  pages={409--422},
  year={1993},
  publisher={JSTOR}
}

@article{West1993B,
  title={Mixture Models, {Monte} {Carlo}, {Bayesian} Updating, and Dynamic Models},
  author={West, Mike},
  journal={Computing Science and Statistics},
  pages={325--325},
  year={1993},
  publisher={PROCEEDINGS PUBLISHED BY VARIOUS PUBLISHERS}
}

@article{bias2000,
  title={The Favourite-Longshot Bias and Market Efficiency in UK Football betting},
  author={Cain, Michael and Law, David and Peel, David},
  journal={Scottish Journal of Political Economy},
  volume={47},
  number={1},
  pages={25--36},
  year={2000},
  publisher={Wiley Online Library}
}

@inproceedings{Gordon1993,
  title={Novel approach to nonlinear/non-{Gaussian} {Bayesian} state estimation},
  author={Gordon, Neil J and Salmond, David J and Smith, Adrian FM},
  booktitle={IEE Proceedings F (Radar and Signal Processing)},
  volume={140},
  pages={107--113},
  year={1993},
  organization={IET}
}

@article{Pitt1999,
  title={Filtering via simulation: Auxiliary particle filters},
  author={Pitt, Michael K and Shephard, Neil},
  journal={Journal of the American statistical association},
  volume={94},
  number={446},
  pages={590--599},
  year={1999},
  publisher={Taylor \& Francis}
}

@article{Carpenter1999,
  title={Improved particle filter for nonlinear problems},
  author={Carpenter, James and Clifford, Peter and Fearnhead, Paul},
  journal={IEE Proceedings-Radar, Sonar and Navigation},
  volume={146},
  number={1},
  pages={2--7},
  year={1999},
  publisher={IET}
}

@inproceedings{Douc2005,
  title={Comparison of resampling schemes for particle filtering},
  author={Douc, Randal and Capp{\'e}, Olivier},
  booktitle={Image and Signal Processing and Analysis, 2005. ISPA 2005. Proceedings of the 4th International Symposium on},
  pages={64--69},
  year={2005},
  organization={IEEE}
}

@Manual{R,
  title = {R: A Language and Environment for Statistical Computing},
  author = {{R Core Team}},
  organization = {R Foundation for Statistical Computing},
  address = {Vienna, Austria},
  year = {2015},
  url = {http://www.R-project.org},
}

@article{dawid2012,
  title = {Proper local scoring rules on discrete sample spaces},
  author = {Dawid, A. P. and Lauritzen, S. and Parry, M.},
  journal = {The Annals of Statistics},
  volume = {40},
  number = {1},
  pages = {593--608},
  year = {2012},
  publisher = {Institute of Mathematical Statistics}
}

@article{gneiting2007,
  title={Strictly proper scoring rules, prediction, and estimation},
  author={Gneiting, Tilmann and Raftery, Adrian E},
  journal={Journal of the American Statistical Association},
  volume={102},
  number={477},
  pages={359--378},
  year={2007},
  publisher={Taylor \& Francis}
}

@article{BradleyTerry1952,
  title = {Rank analysis of incomplete block designs: I. The method of paired comparisons},
  author = {Bradley, R. A. and Terry, M. E.},
  journal = {Biometrika},
  volume = {39},
  number = {3/4},
  pages = {324--345},
  year = {1952},
  publisher = {JSTOR}
}

@article{Maher1982,
  title = {Modelling association football scores},
  author = {Maher, M. J.},
  journal = {Statistica Neerlandica},
  volume = {36},
  number = {3},
  pages = {109--118},
  year = {1982},
  publisher = {Wiley Online Library}
}

@article{Metropolis1953,
  title = {Equation of state calculations by fast computing machines},
  author = {Metropolis, N. and Rosenbluth, A. W. and Rosenbluth, M. N. and Teller, A. H. and Teller, E.},
  journal = {The journal of chemical physics},
  volume = {21},
  pages = {1087},
  year = {1953}
}

@article{Hastings1970,
  title = {Monte {Carlo} sampling methods using {Markov} chains and their applications},
  author = {Hastings, W. K.},
  journal = {Biometrika},
  volume = {57},
  number = {1},
  pages = {97--109},
  year = {1970},
  publisher = {Biometrika Trust}
}

@article{KnorrHeld2000,
  title = {Dynamic rating of sports teams},
  author = {Knorr-Held, Leonhard},
  journal = {Journal of the Royal Statistical Society: Series D (The Statistician)},
  volume = {49},
  number = {2},
  pages = {261--276},
  year = {2000},
  publisher = {Wiley Online Library}
}

@article{DixonColes1997,
  title = {Modelling association football scores and inefficiencies in the football betting market},
  author = {Dixon, M. J. and Coles, S. G.},
  journal = {Journal of the Royal Statistical Society: Series C (Applied Statistics)},
  volume = {46},
  number = {2},
  pages = {265--280},
  year = {1997},
  publisher = {Wiley Online Library}
}

@article{DixonRobinson1998,
  title = {A birth process model for association football matches},
  author = {Dixon, M. and Robinson, M.},
  journal = {Journal of the Royal Statistical Society: Series D (The Statistician)},
  volume = {47},
  number = {3},
  pages = {523--538},
  year = {1998},
  publisher = {Wiley Online Library}
}

@article{Owen2011,
  title = {Dynamic {Bayesian} forecasting models of football match outcomes with estimation of the evolution variance parameter},
  author = {Owen, A.},
  journal = {IMA Journal of Management Mathematics},
  volume = {22},
  number = {2},
  pages = {99--113},
  year = {2011},
  publisher = {IMA}
}

@article{KarlisNtzoufras2011,
  title = {Robust fitting of football prediction models},
  author = {Karlis, D. and Ntzoufras, I.},
  journal = {IMA Journal of Management Mathematics},
  volume = {22},
  number = {2},
  pages = {171--182},
  year = {2011},
  publisher = {IMA}
}

@article{KarlisNtzoufras2003,
  title = {Analysis of sports data by using bivariate {Poisson} models},
  author = {Karlis, Dimitris and Ntzoufras, Ioannis},
  journal = {Journal of the Royal Statistical Society: Series D (The Statistician)},
  volume = {52},
  number = {3},
  pages = {381--393},
  year = {2003},
  publisher = {Wiley Online Library}
}

@article{CattelanVarinFirth2013,
  title = {Dynamic {Bradley}-{Terry} modelling of sports tournaments},
  author = {Cattelan, M. and Varin, C. and Firth, D.},
  journal = {Journal of the Royal Statistical Society: Series C (Applied Statistics)},
  volume = {62},
  number = {1},
  pages = {135--150},
  year = {2013},
  publisher = {Wiley Online Library}
}

@article{FahrmeirTutz1994,
  title = {Dynamic stochastic models for time-dependent ordered paired comparison systems},
  author = {Fahrmeir, Ludwig and Tutz, Gerhard},
  journal = {Journal of the American Statistical Association},
  volume = {89},
  number = {428},
  pages = {1438--1449},
  year = {1994},
  publisher = {Taylor \& Francis}
}

@misc{Titman2012,
  title = {Joint modelling of goals and bookings in association football matches},
  author = {Titman, Andrew and Gregory, Debbie Costain Gareth Ridall Kris},
  year = {2012}
}
